

@article{shanon_entropy,
	doi = {10.1002/j.1538-7305.1948.tb01338.x},
	url = {https://doi.org/10.1002/j.1538-7305.1948.tb01338.x},
	year  = {1948},
	month = {jul},
	publisher = {Institute of Electrical and Electronics Engineers ({IEEE})},
	volume = {27},
	number = {3},
	pages = {379--423},
	author = {C. E. Shannon},
	title = {A Mathematical Theory of Communication},
	journal = {Bell System Technical Journal}
}

@misc{dimension_class_FLT,
	title = {FLUID MECHANICS - THEORY},
	note = {Basic Dimensions of Common Parameters Table}, url={https://www.ecourses.ou.edu/cgi-bin/ebook.cgi?doc=&topic=fl&chap_sec=06.1&page=theory}
}

@article{Achlioptas2009,
	doi = {10.1126/science.1167782},
	url = {https://doi.org/10.1126/science.1167782},
	year  = {2009},
	month = {mar},
	publisher = {American Association for the Advancement of Science ({AAAS})},
	volume = {323},
	number = {5920},
	pages = {1453--1455},
	author = {D. Achlioptas and R. M. D{\textquotesingle}Souza and J. Spencer},
	title = {Explosive Percolation in Random Networks},
	journal = {Science}
}

@article{Dorogovtsev2006,
	doi = {10.1103/physrevlett.96.040601},
	url = {https://doi.org/10.1103/physrevlett.96.040601},
	year  = {2006},
	month = {feb},
	publisher = {American Physical Society ({APS})},
	volume = {96},
	number = {4},
	author = {S. N. Dorogovtsev and A. V. Goltsev and J. F. F. Mendes},
	title = {k-Core Organization of Complex Networks},
	journal = {Physical Review Letters}
}

@article{Csermely2013,
	doi = {10.1093/comnet/cnt016},
	url = {https://doi.org/10.1093/comnet/cnt016},
	year  = {2013},
	month = {oct},
	publisher = {Oxford University Press ({OUP})},
	volume = {1},
	number = {2},
	pages = {93--123},
	author = {P. Csermely and A. London and L.-Y. Wu and B. Uzzi},
	title = {Structure and dynamics of core/periphery networks},
	journal = {Journal of Complex Networks}
}

@book{Porter2016,
	doi = {10.1007/978-3-319-26641-1},
	url = {https://doi.org/10.1007/978-3-319-26641-1},
	year  = {2016},
	publisher = {Springer International Publishing},
	author = {Mason Porter and James Gleeson},
	title = {Dynamical Systems on Networks}
}

@article{Seidman1983,
	doi = {10.1016/0378-8733(83)90028-x},
	url = {https://doi.org/10.1016/0378-8733(83)90028-x},
	year  = {1983},
	month = {sep},
	publisher = {Elsevier {BV}},
	volume = {5},
	number = {3},
	pages = {269--287},
	author = {Stephen B. Seidman},
	title = {Network structure and minimum degree},
	journal = {Social Networks}
}

@article{Adler1991,
	doi = {10.1016/0378-4371(91)90295-n},
	url = {https://doi.org/10.1016/0378-4371(91)90295-n},
	year  = {1991},
	month = {mar},
	publisher = {Elsevier {BV}},
	volume = {171},
	number = {3},
	pages = {453--470},
	author = {Joan Adler},
	title = {Bootstrap percolation},
	journal = {Physica A: Statistical Mechanics and its Applications}
}

@article{Blume1966,
	doi = {10.1103/physrev.141.517},
	url = {https://doi.org/10.1103/physrev.141.517},
	year  = {1966},
	month = {jan},
	publisher = {American Physical Society ({APS})},
	volume = {141},
	number = {2},
	pages = {517--524},
	author = {M. Blume},
	title = {Theory of the First-Order Magnetic Phase Change in {UO}2},
	journal = {Physical Review}
}

@article{Chalupa1979,
	doi = {10.1088/0022-3719/12/1/008},
	url = {https://doi.org/10.1088/0022-3719/12/1/008},
	year  = {1979},
	month = {jan},
	publisher = {{IOP} Publishing},
	volume = {12},
	number = {1},
	pages = {L31--L35},
	author = {J Chalupa and P L Leath and G R Reich},
	title = {Bootstrap percolation on a Bethe lattice},
	journal = {Journal of Physics C: Solid State Physics}
}

@article{Lpez2007,
	doi = {10.1103/physrevlett.99.188701},
	url = {https://doi.org/10.1103/physrevlett.99.188701},
	year  = {2007},
	month = {oct},
	publisher = {American Physical Society ({APS})},
	volume = {99},
	number = {18},
	author = {Eduardo L{\'{o}}pez and Roni Parshani and Reuven Cohen and Shai Carmi and Shlomo Havlin},
	title = {Limited Path Percolation in Complex Networks},
	journal = {Physical Review Letters}
}

@article{Palla2005,
	doi = {10.1038/nature03607},
	url = {https://doi.org/10.1038/nature03607},
	year  = {2005},
	month = {jun},
	publisher = {Springer Nature},
	volume = {435},
	number = {7043},
	pages = {814--818},
	author = {Gergely Palla and Imre Der{\'{e}}nyi and Ill{\'{e}}s Farkas and Tam{\'{a}}s Vicsek},
	title = {Uncovering the overlapping community structure of complex networks in nature and society},
	journal = {Nature}
}

@article{Boccaletti2014,
	doi = {10.1016/j.physrep.2014.07.001},
	url = {https://doi.org/10.1016/j.physrep.2014.07.001},
	year  = {2014},
	month = {nov},
	publisher = {Elsevier {BV}},
	volume = {544},
	number = {1},
	pages = {1--122},
	author = {S. Boccaletti and G. Bianconi and R. Criado and C.I. del Genio and J. G{\'{o}}mez-Garde{\~{n}}es and M. Romance and I. Sendi{\~{n}}a-Nadal and Z. Wang and M. Zanin},
	title = {The structure and dynamics of multilayer networks},
	journal = {Physics Reports}
}

@article{Kivela2014,
	doi = {10.1093/comnet/cnu016},
	url = {https://doi.org/10.1093/comnet/cnu016},
	year  = {2014},
	month = {jul},
	publisher = {Oxford University Press ({OUP})},
	volume = {2},
	number = {3},
	pages = {203--271},
	author = {M. Kivela and A. Arenas and M. Barthelemy and J. P. Gleeson and Y. Moreno and M. A. Porter},
	title = {Multilayer networks},
	journal = {Journal of Complex Networks}
}

@article{Hall1985,
	doi = {110.2307/2244176},
	year  = {1985},
	publisher = {Australian National Universit},
	volume = {13},
	number = {4},
	pages = {1250--1266},
	author = {Peter Hall},
	title = {On Continuum Percolation},
	journal = {Institute of Mathematical Statistics}
}


@article{Penrose1998,
	doi = {10.1112/s0024609397243808},
	url = {https://doi.org/10.1112/s0024609397243808},
	year  = {1998},
	month = {jul},
	publisher = {Oxford University Press ({OUP})},
	volume = {30},
	number = {4},
	pages = {435--436},
	author = {M. D. Penrose},
	title = {{CONTINUUM} {PERCOLATION} (Cambridge Tracts in Mathematics 119)},
	journal = {Bulletin of the London Mathematical Society}
}

@article{Bogu2009,
	doi = {10.1007/s10955-009-9740-2},
	url = {https://doi.org/10.1007/s10955-009-9740-2},
	year  = {2009},
	month = {apr},
	publisher = {Springer Nature},
	volume = {135},
	number = {3},
	pages = {585--586},
	author = {Mari{\'{a}}n Bogu{\~{n}}{\'{a}}},
	title = {M. Franceschetti,  R. Meester: Random Networks for~Communication. From Statistical Physics to~Information Systems},
	journal = {Journal of Statistical Physics}
}

@article{Furuberg1996,
	doi = {10.1103/physreve.53.966},
	url = {https://doi.org/10.1103/physreve.53.966},
	year  = {1996},
	month = {jan},
	publisher = {American Physical Society ({APS})},
	volume = {53},
	number = {1},
	pages = {966--977},
	author = {Liv Furuberg and Knut J{\o}rgen M{\aa}l{\o}y and Jens Feder},
	title = {Intermittent behavior in slow drainage},
	journal = {Physical Review E}
}

@article{Mloy1992,
	doi = {10.1103/physrevlett.68.2161},
	url = {https://doi.org/10.1103/physrevlett.68.2161},
	year  = {1992},
	month = {apr},
	publisher = {American Physical Society ({APS})},
	volume = {68},
	number = {14},
	pages = {2161--2164},
	author = {Knut Jo?rgen M{\aa}lo?y and Liv Furuberg and Jens Feder and Torstein Jo?ssang},
	title = {Dynamics of slow drainage in porous media},
	journal = {Physical Review Letters}
}

@article{Wilkinson1983,
	doi = {10.1088/0305-4470/16/14/028},
	url = {https://doi.org/10.1088/0305-4470/16/14/028},
	year  = {1983},
	month = {oct},
	publisher = {{IOP} Publishing},
	volume = {16},
	number = {14},
	pages = {3365--3376},
	author = {D Wilkinson and J F Willemsen},
	title = {Invasion percolation: a new form of percolation theory},
	journal = {Journal of Physics A: Mathematical and General}
}

@article{Lenormand1985,
	doi = {10.1103/physrevlett.54.2226},
	url = {https://doi.org/10.1103/physrevlett.54.2226},
	year  = {1985},
	month = {may},
	publisher = {American Physical Society ({APS})},
	volume = {54},
	number = {20},
	pages = {2226--2229},
	author = {Roland Lenormand and Cesar Zarcone},
	title = {Invasion Percolation in an Etched Network: Measurement of a Fractal Dimension},
	journal = {Physical Review Letters}
}

@article{Wierman1981,
	doi = {10.1017/s0001867800036028},
	url = {https://doi.org/10.1017/s0001867800036028},
	year  = {1981},
	month = {jun},
	publisher = {Cambridge University Press ({CUP})},
	volume = {13},
	number = {02},
	pages = {298--313},
	author = {John C. Wierman},
	title = {Bond percolation on honeycomb and triangular lattices},
	journal = {Advances in Applied Probability}
}


@article{Lorenz1998,
	doi = {10.1103/physreve.57.230},
	url = {https://doi.org/10.1103/physreve.57.230},
	year  = {1998},
	month = {jan},
	publisher = {American Physical Society ({APS})},
	volume = {57},
	number = {1},
	pages = {230--236},
	author = {Christian D. Lorenz and Robert M. Ziff},
	title = {Precise determination of the bond percolation thresholds and finite-size scaling corrections for the sc,  fcc,  and bcc lattices},
	journal = {Physical Review E}
}


@article{Lorenz2000,
	doi = {10.1023/a:1018648130343},
	url = {https://doi.org/10.1023/a:1018648130343},
	year  = {2000},
	publisher = {Springer Nature},
	volume = {98},
	number = {3/4},
	pages = {961--970},
	author = {Christian D. Lorenz and Raechelle May and Robert M. Ziff},
	journal = {Journal of Statistical Physics}
}



@misc{cubic-lattices,
	title = {Different kind of cubic lattice},
 	url={http://utkarshchemistry.blogspot.com/2012/09/solid-state-2.html}
}

@misc{honeycomb-lattice,
	title = {Honeycomb lattice},
	url={https://www.quora.com/Why-are-there-only-14-bravais-lattices}
}

@misc{triangular-lattice,
	title = {Triangular lattice},
	url={https://www.researchgate.net/figure/241425920_fig3_Figure-3-The-2-D-Triangular-Lattice}
}



@misc{scale-free-network,
	title = {Scale free network},
	url={https://www.flickr.com/photos/sjcockell/8425835703}
}


@misc{nickle-magnetization,
	title = {Magnetization of Nickel as a function of temperature},
	url={https://www.doitpoms.ac.uk/tlplib/ferromagnetic/curie-weiss.php}
}

@article{Reich1978,
	doi = {10.1007/bf01011772},
	url = {https://doi.org/10.1007/bf01011772},
	year  = {1978},
	month = {dec},
	publisher = {Springer Nature},
	volume = {19},
	number = {6},
	pages = {611--622},
	author = {G. R. Reich and P. L. Leath},
	title = {High-density percolation: Exact solution on a Bethe lattice},
	journal = {Journal of Statistical Physics}
}

@article{Barabasi1999,
	doi = {10.1126/science.286.5439.509},
	url = {https://doi.org/10.1126/science.286.5439.509},
	year  = {1999},
	month = {oct},
	publisher = {American Association for the Advancement of Science ({AAAS})},
	volume = {286},
	number = {5439},
	pages = {509--512},
%	author = {Albert-L\'{a}szl\'{o} Barab\'{a}si, R\'{e}ka Albert},
	author = {Albert-Laszlo Barabasi, Reka Albert},
	title = {Emergence of Scaling in Random Networks},
	journal = {Science}
}

@article{Callaway2000,
	doi = {10.1103/physrevlett.85.5468},
	url = {https://doi.org/10.1103/physrevlett.85.5468},
	year  = {2000},
	month = {dec},
	publisher = {American Physical Society ({APS})},
	volume = {85},
	number = {25},
	pages = {5468--5471},
	author = {Duncan S. Callaway and M. E. J. Newman and Steven H. Strogatz and Duncan J. Watts},
	title = {Network Robustness and Fragility: Percolation on Random Graphs},
	journal = {Physical Review Letters}
}

@article{Dernyi2005,
	doi = {10.1103/physrevlett.94.160202},
	url = {https://doi.org/10.1103/physrevlett.94.160202},
	year  = {2005},
	month = {apr},
	publisher = {American Physical Society ({APS})},
	volume = {94},
	number = {16},
	author = {Imre Der{\'{e}}nyi and Gergely Palla and Tam{\'{a}}s Vicsek},
	title = {Clique Percolation in Random Networks},
	journal = {Physical Review Letters}
}

@article{Bauer2001,
	doi = {10.1007/s10051-001-8683-4},
	url = {https://doi.org/10.1007/s10051-001-8683-4},
	year  = {2001},
	month = {dec},
	publisher = {Springer Nature},
	volume = {24},
	number = {3},
	pages = {339--352},
	author = {M. Bauer and O. Golinelli},
	title = {Core percolation in random graphs: a critical phenomena analysis},
	journal = {The European Physical Journal B}
}

@article{Cohen2002,
	doi = {10.1103/physreve.66.036113},
	url = {https://doi.org/10.1103/physreve.66.036113},
	year  = {2002},
	month = {sep},
	publisher = {American Physical Society ({APS})},
	volume = {66},
	number = {3},
	author = {Reuven Cohen and Daniel ben-Avraham and Shlomo Havlin},
	title = {Percolation critical exponents in scale-free networks},
	journal = {Physical Review E}
}

@article{Schwartz2002,
	doi = {10.1103/physreve.66.015104},
	url = {https://doi.org/10.1103/physreve.66.015104},
	year  = {2002},
	month = {jul},
	publisher = {American Physical Society ({APS})},
	volume = {66},
	number = {1},
	author = {N. Schwartz and R. Cohen and D. ben-Avraham and A.-L. Barab{\'{a}}si and S. Havlin},
	title = {Percolation in directed scale-free networks},
	journal = {Physical Review E}
}

@article{Radicchi2009,
	doi = {10.1103/physrevlett.103.168701},
	url = {https://doi.org/10.1103/physrevlett.103.168701},
	year  = {2009},
	month = {oct},
	publisher = {American Physical Society ({APS})},
	volume = {103},
	number = {16},
	author = {Filippo Radicchi and Santo Fortunato},
	title = {Explosive Percolation in Scale-Free Networks},
	journal = {Physical Review Letters}
}

@book{Grimmett1999,
	doi = {10.1007/978-3-662-03981-6},
	url = {https://doi.org/10.1007/978-3-662-03981-6},
	year  = {1999},
	publisher = {Springer Berlin Heidelberg},
	author = {Geoffrey Grimmett},
	title = {Percolation}
}

@misc{scale-free-network,
	title = {Scale Free Network}, 
	url={https://www.flickr.com/photos/sjcockell/8425835703}
}

@article{Hoshen1976,
	doi = {10.1103/physrevb.14.3438},
	url = {https://doi.org/10.1103/physrevb.14.3438},
	year  = {1976},
	month = {oct},
	publisher = {American Physical Society ({APS})},
	volume = {14},
	number = {8},
	pages = {3438--3445},
	author = {J. Hoshen and R. Kopelman},
	title = {Percolation and cluster distribution. I. Cluster multiple labeling technique and critical concentration algorithm},
	journal = {Physical Review B}
}


@article{Newman2000,
	doi = {10.1103/physrevlett.85.4104},
	url = {https://doi.org/10.1103/physrevlett.85.4104},
	year  = {2000},
	month = {nov},
	publisher = {American Physical Society ({APS})},
	volume = {85},
	number = {19},
	pages = {4104--4107},
	author = {M. E. J. Newman and R. M. Ziff},
	title = {Efficient Monte Carlo Algorithm and High-Precision Results for Percolation},
	journal = {Physical Review Letters}
}


@article{Newman2001,
	doi = {10.1103/physreve.64.016706},
	url = {https://doi.org/10.1103/physreve.64.016706},
	year  = {2001},
	month = {jun},
	publisher = {American Physical Society ({APS})},
	volume = {64},
	number = {1},
	author = {M. E. J. Newman and R. M. Ziff},
	title = {Fast Monte Carlo algorithm for site or bond percolation},
	journal = {Physical Review E}
}

@book{Sahini1994,
	Author = {M Sahini and M Sahimi},
	Title = {Applications Of Percolation Theory},
	Publisher = {CRC Press},
	Year = {1994},
	ISBN = {9780748400768},
	URL = {https://www.amazon.com/Applications-Percolation-Theory-M-Sahini/dp/0748400761?SubscriptionId=AKIAIOBINVZYXZQZ2U3A&tag=chimbori05-20&linkCode=xm2&camp=2025&creative=165953&creativeASIN=0748400761}
}

@article{Riordan2012,
	doi = {10.1214/11-aap798},
	url = {https://doi.org/10.1214/11-aap798},
	year  = {2012},
	month = {aug},
	publisher = {Institute of Mathematical Statistics},
	volume = {22},
	number = {4},
	pages = {1450--1464},
	author = {Oliver Riordan and Lutz Warnke},
	title = {Achlioptas process phase transitions are continuous},
	journal = {The Annals of Applied Probability}
}

@article{Flory1941,
	doi = {10.1021/ja01856a062},
	url = {https://doi.org/10.1021/ja01856a062},
	year  = {1941},
	month = {nov},
	publisher = {American Chemical Society ({ACS})},
	volume = {63},
	number = {11},
	pages = {3091--3096},
	author = {Paul J. Flory},
	title = {Molecular Size Distribution in Three Dimensional Polymers. {II}. Trifunctional Branching Units},
	journal = {Journal of the American Chemical Society}
}

@article{Broadbent1957,
	doi = {10.1017/s0305004100032680},
	url = {https://doi.org/10.1017/s0305004100032680},
	year  = {1957},
	month = {jul},
	publisher = {Cambridge University Press ({CUP})},
	volume = {53},
	number = {03},
	pages = {629},
	author = {S. R. Broadbent and J. M. Hammersley},
	title = {Percolation processes},
	journal = {Mathematical Proceedings of the Cambridge Philosophical Society}
}

@article{Essam1980,
	doi = {10.1088/0034-4885/43/7/001},
	url = {https://doi.org/10.1088/0034-4885/43/7/001},
	year  = {1980},
	month = {jul},
	publisher = {{IOP} Publishing},
	volume = {43},
	number = {7},
	pages = {833--912},
	author = {J W Essam},
	title = {Percolation theory},
	journal = {Reports on Progress in Physics}
}

@article{Fisher1961,
	doi = {10.1063/1.1703746},
	url = {https://doi.org/10.1063/1.1703746},
	year  = {1961},
	month = {jul},
	publisher = {{AIP} Publishing},
	volume = {2},
	number = {4},
	pages = {620--627},
	author = {Michael E. Fisher},
	title = {Critical Probabilities for Cluster Size and Percolation Problems},
	journal = {Journal of Mathematical Physics}
}

@ARTICLE{Kasteleyn1969,
	author = {{Kasteleyn}, P.~W. and {Fortuin}, C.~M.},
	title = {Phase Transitions in Lattice Systems with Random Local Properties},
	journal = {Physical Society of Japan Journal Supplement, Vol.~26.~ Proceedings of the International Conference on Statistical Mechanics held 9-14 September, 1968 in Koyto., p.11},
	year = 1969,
	volume = 26,
	pages = {11},
	url = {http://adsabs.harvard.edu/abs/1969PSJJS..26...11K},
	note = {Provided by the SAO/NASA Astrophysics Data System}
}

@book{Cardy1996,
	doi = {10.1017/cbo9781316036440},
	url = {https://doi.org/10.1017/cbo9781316036440},
	year  = {1996},
	publisher = {Cambridge University Press},
	author = {John Cardy},
	title = {Scaling and Renormalization in Statistical Physics}
}

@article{Schrenk2013,
	doi = {10.1103/physreve.87.032123},
	url = {https://doi.org/10.1103/physreve.87.032123},
	year  = {2013},
	month = {mar},
	publisher = {American Physical Society ({APS})},
	volume = {87},
	number = {3},
	author = {K. J. Schrenk and N. A. M. Ara{\'{u}}jo and H. J. Herrmann},
	title = {Stacked triangular lattice: Percolation properties},
	journal = {Physical Review E}
}

@article{Leath1976,
	doi = {10.1103/physrevb.14.5046},
	url = {https://doi.org/10.1103/physrevb.14.5046},
	year  = {1976},
	month = {dec},
	publisher = {American Physical Society ({APS})},
	volume = {14},
	number = {11},
	pages = {5046--5055},
	author = {P. L. Leath},
	title = {Cluster size and boundary distribution near percolation threshold},
	journal = {Physical Review B}
}

@article{Kesten1987,
	doi = {10.1007/bf01205674},
	url = {https://doi.org/10.1007/bf01205674},
	year  = {1987},
	month = {mar},
	publisher = {Springer Nature},
	volume = {109},
	number = {1},
	pages = {109--156},
	author = {Harry Kesten},
	title = {Scaling relations for 2D-percolation},
	journal = {Communications in Mathematical Physics}
}

@article{Wierman1984,
	doi = {10.1088/0305-4470/17/7/020},
	url = {https://doi.org/10.1088/0305-4470/17/7/020},
	year  = {1984},
	month = {may},
	publisher = {{IOP} Publishing},
	volume = {17},
	number = {7},
	pages = {1525--1530},
	author = {J C Wierman},
	title = {A bond percolation critical probability determination based on the star-triangle transformation},
	journal = {Journal of Physics A: Mathematical and General}
}

@incollection{Bollobs2010,
	doi = {10.1007/978-3-642-14444-8_3},
	url = {https://doi.org/10.1007/978-3-642-14444-8_3},
	year  = {2010},
	publisher = {Springer Berlin Heidelberg},
	pages = {131--217},
	author = {B{\'{e}}la Bollob{\'{a}}s and Oliver Riordan},
	title = {Percolation on Self-Dual Polygon Configurations},
	booktitle = {Bolyai Society Mathematical Studies}
}

@article{Erdos1964,
	doi = {10.1007/bf02066689},
	url = {https://doi.org/10.1007/bf02066689},
	year  = {1964},
	month = {mar},
	publisher = {Springer Nature},
	volume = {12},
	number = {1-2},
	pages = {261--267},
	author = {P. Erd{\H{o}}s and A. R{\'{e}}nyi},
	title = {On the strength of connectedness of a random graph},
	journal = {Acta Mathematica Academiae Scientiarum Hungaricae}
}

@article{Erdos1959
	author = {P. Erd{\H{o}}s and A. R{\'{e}}nyi},
	year  = {1959},
	title={On Random Graphs. I},
	journal={Publicationes Mathematicae},
	volume={6},
	pages={290–297}
}

@article{Moore2000,
	doi = {10.1103/physreve.62.7059},
	url = {https://doi.org/10.1103/physreve.62.7059},
	year  = {2000},
	month = {nov},
	publisher = {American Physical Society ({APS})},
	volume = {62},
	number = {5},
	pages = {7059--7064},
	author = {Cristopher Moore and M. E. J. Newman},
	title = {Exact solution of site and bond percolation on small-world networks},
	journal = {Physical Review E}
}

@article{Zimm1949,
	doi = {10.1063/1.1747157},
	url = {https://doi.org/10.1063/1.1747157},
	year  = {1949},
	month = {dec},
	publisher = {{AIP} Publishing},
	volume = {17},
	number = {12},
	pages = {1301--1314},
	author = {Bruno H. Zimm and Walter H. Stockmayer},
	title = {The Dimensions of Chain Molecules Containing Branches and Rings},
	journal = {The Journal of Chemical Physics}
}

@book{Mandelbrot1983,
	Author = {Benoit B. Mandelbrot},
	Title = {The Fractal Geometry of Nature},
	Publisher = {W. H. Freeman},
	Year = {1983},
	ISBN = {0716711869},
	URL = {https://www.amazon.com/Fractal-Geometry-Nature-Benoit-Mandelbrot/dp/0910321647?SubscriptionId=AKIAIOBINVZYXZQZ2U3A&tag=chimbori05-20&linkCode=xm2&camp=2025&creative=165953&creativeASIN=0910321647}
}


% ------------------------------------------------------------------------
% Kamrul Sir papers
@misc{redefinition-of-site-percolation,
	Author = {M. S. Rahman and M. K. Hassan},
	Title = {Redefinition of site percolation in light of entropy and the second law of thermodynamics},
	Year = {2018},
	Eprint = {arXiv:1810.00633},
}

@misc{nesm-lecture-notes,
	author = {M. K. Hassan},
	title = {Lecture Notes on Statistical Mechanics of Non-Equilibrium Phenomena},
}

